@online{wikipedia:hyperlink,
    author = {{Wikipedia contributors}},
    title = {Hyperlink --- {Wikipedia}{,} The Free Encyclopedia},
    year = {2021},
    url = {https://en.wikipedia.org/wiki/Hyperlink},
    urldate = {2021-01-11}
}
